[gd_scene load_steps=12 format=3 uid="uid://tvs0q2noulti"]

[ext_resource type="Script" path="res://Scripts/CatScene.gd" id="1_0buxn"]
[ext_resource type="Texture2D" uid="uid://0j6lrl5nu07v" path="res://Art/Cat Spritesheet.png" id="2_wxi80"]

[sub_resource type="RectangleShape2D" id="RectangleShape2D_6wdqe"]

[sub_resource type="AtlasTexture" id="AtlasTexture_joqoc"]
atlas = ExtResource("2_wxi80")
region = Rect2(20, 40, 20, 20)

[sub_resource type="AtlasTexture" id="AtlasTexture_pa46e"]
atlas = ExtResource("2_wxi80")
region = Rect2(0, 40, 20, 20)

[sub_resource type="AtlasTexture" id="AtlasTexture_xfotn"]
atlas = ExtResource("2_wxi80")
region = Rect2(20, 0, 20, 20)

[sub_resource type="AtlasTexture" id="AtlasTexture_ur4pr"]
atlas = ExtResource("2_wxi80")
region = Rect2(40, 0, 20, 20)

[sub_resource type="AtlasTexture" id="AtlasTexture_e3ybe"]
atlas = ExtResource("2_wxi80")
region = Rect2(0, 20, 20, 20)

[sub_resource type="AtlasTexture" id="AtlasTexture_3mc4t"]
atlas = ExtResource("2_wxi80")
region = Rect2(20, 20, 20, 20)

[sub_resource type="AtlasTexture" id="AtlasTexture_yytt0"]
atlas = ExtResource("2_wxi80")
region = Rect2(40, 20, 20, 20)

[sub_resource type="SpriteFrames" id="SpriteFrames_wfjuk"]
animations = [{
"frames": [{
"duration": 1.0,
"texture": SubResource("AtlasTexture_joqoc")
}],
"loop": true,
"name": &"Plopped",
"speed": 5.0
}, {
"frames": [{
"duration": 1.0,
"texture": SubResource("AtlasTexture_pa46e")
}],
"loop": true,
"name": &"Sitting",
"speed": 5.0
}, {
"frames": [{
"duration": 1.0,
"texture": SubResource("AtlasTexture_xfotn")
}],
"loop": true,
"name": &"Standing",
"speed": 5.0
}, {
"frames": [{
"duration": 1.0,
"texture": SubResource("AtlasTexture_ur4pr")
}, {
"duration": 1.0,
"texture": SubResource("AtlasTexture_e3ybe")
}, {
"duration": 1.0,
"texture": SubResource("AtlasTexture_3mc4t")
}, {
"duration": 1.0,
"texture": SubResource("AtlasTexture_yytt0")
}],
"loop": true,
"name": &"Walking",
"speed": 5.0
}]

[node name="CatScene" type="Area2D"]
position = Vector2(81, 47)
script = ExtResource("1_0buxn")
metadata/_edit_group_ = true

[node name="CollisionShape2D" type="CollisionShape2D" parent="."]
shape = SubResource("RectangleShape2D_6wdqe")

[node name="AnimatedSprite2D" type="AnimatedSprite2D" parent="."]
sprite_frames = SubResource("SpriteFrames_wfjuk")
animation = &"Walking"
